%% This BibTeX bibliography file was created using BibDesk.
%% http://bibdesk.sourceforge.net/

%% Saved with string encoding Unicode (UTF-8) 

@misc{latex,
	title = {Latex},
	howpublished = {\url{latex.com}}
},
@article{semi,
  author  = {Jung-ran	Park and	 Andrew	Brenza}, 
  title   = {Evaluation of Semi-Automatic	 Metadata Generation Tools: A Survey of the Current State of the Art}
},
@article{metadata,
	author = {Jane Greenberg},
	title = {Metadata generation: Processes, People and Tools}
},
@article{readibility,
	author = {Eugen-Gabriel Garais},
	title = {Web Applications Readibility}
},
@misc{entity,
	howpublished={\url{https://monkeylearn.com/blog/named-entity-recognition/}}
},
@misc{harvesting,
	howpublished={\url{https://guides.lib.utexas.edu/metadata-basics/harvesting}}
},
@misc{kea,
	howpublished={\url{http://community.nzdl.org/kea/description.html}}
},
@article{metatools,
	title={MetaTools - Investigating Metadata Generation Tools},
	author = {Malcolm Polfreman and Shrija Rajbhandari}
},
@article{amega,
	title={Final Report for the AMeGA (Automatic Metadata Generation Applications) Project},
	author = {Jane Greenberg, Kristina Spurgin and Abe Crystal}
},
@misc{extraction,
	howpublished={\url{https://towardsdatascience.com/keyword-extraction-methods-the-overview-35557350f8bb}}
},
@misc{searchdatamanagement,
	title = {MongoDB},
	author = {Margaret Rouse},
	howpublished = {\url{https://searchdatamanagement.techtarget.com/definition/MongoDB}}
},
@misc{freecodecamp,
	title = {Introduction to Mongoose for MongoDB},
	author = {Nick Karnik},
	year = {2018},
	month = {febbraio},
	day = {11},
	howpublished = {\url{https://www.freecodecamp.org/news/introduction-to-mongoose-for-mongodb-d2a7aa593c57/}}
},
@inbook{holmes,
	title = {Mongoose for Application Development},
	author = {Simon Holmes},
	publisher = {Packt Publishing},
	chapter = {The cornerstones of Mongoose},
	day = {26},
	month = {agosto},
	year = {2013}
},
@misc{connection-string,
	title = {Connection String URI Format},
	howpublished = {\url{https://docs.mongodb.com/manual/reference/connection-string/}}
},
@inbook{holmes-connection,
	title = {Mongoose for Application Development},
	author = {Simon Holmes},
	publisher = {Packt Publishing},
	chapter = {Establishing a Database Connection},
	day = {26},
	month = {agosto},
	year = {2013}
},
@misc{bootstrap,
	howpublished = {\url{https://getbootstrap.com/docs/4.1/getting-started/introduction/}}
},
@misc{stackoverflow-node.js,
	title = {About Node.js},
	howpublished = {\url{https://stackoverflow.com/tags/node.js/info}}
},
@misc{node.js-about,
	title = {Informazioni su Node.js},
	howpublished = {\url{https://nodejs.org/it/about/}}
},
@misc{node.js-eventloop,
	title = {The Node.js Event Loop, Timers, and process.nextTick()},
	howpublished = {\url{https://nodejs.org/it/docs/guides/event-loop-timers-and-nexttick/}}
},
@misc{mrwebmaster,
	title = {Node.js Event Loop: cos'è e come funziona},
	author = {Claudio Marotta},
	year = {2017},
	month = {dicembre},
	day = {5},
	howpublished = {\url{https://www.mrwebmaster.it/javascript/node-js-event-loop-come-funziona_12434.html}}
},
@misc{textract,
	howpublished = {\url{https://readthedocs.org/projects/textract/downloads/pdf/stable/}}
},
@misc{wcag,
	howpublished = {\url{http://travesia.mcu.es/portalnb/jspui/bitstream/10421/2546/1/WCAG_2.pdf}}
},
@inbook{edures,
	title = {Evolution of Accessibility Metadata in Educational Resources},
	author = {Salvador Otón Tortosa and Paola Cristina Ingavélez-Guerra and Sandra Sánchez-Gordón and Mary Sánchez-Gordón},
	year = {2020},
	month = {gennaio}
},
@pdfthesis{stardog,
	title = {Defining an using an ontology of test environments},
	author = {Petar Paradzikovic},
	school = {E194 - Institut für Information Systems Engineering}
},
@article{video,
	title = {Generation of description metadata for video files},
	author = {Alfredo Petrosino}
}